@InProceedings{haffari-whyeteh:2009:NAACLHLT09,
  author    = {Haffari, Gholamreza  and  Whye Teh, Yee},
  title     = {Hierarchical Dirichlet Trees for Information Retrieval},
  booktitle = {Proceedings of Human Language Technologies: The 2009 Annual Conference of the North American Chapter of the Association for Computational Linguistics},
  month     = {June},
  year      = {2009},
  address   = {Boulder, Colorado},
  publisher = {Association for Computational Linguistics},
  pages     = {173--181},
  url       = {http://www.aclweb.org/anthology/N/N09/N09-1020}
}

@inproceedings{DBLP:conf/icml/HaffariWWMJ08,
  author    = {Gholamreza Haffari and
               Yang Wang and
               Shaojun Wang and
               Greg Mori and
               Feng Jiao},
  title     = {Boosting with incomplete information},
  booktitle     = {Machine Learning, Proceedings of the Twenty-Fifth International
               Conference (ICML 2008), Helsinki, Finland, June 5-9, 2008},
  year      = {2008},
  pages     = {368-375},
  ee        = {http://doi.acm.org/10.1145/1390156.1390203},
  bibsource = {DBLP, http://dblp.uni-trier.de}
}
