
@article{abn04,
  author =	 "S. Abney",
  title =	 "{Understanding the Yarowsky Algorithm}",
  year =	 2004,
  journal =	 "Computational Linguistics",
  volume =	 30,
  number =	 3
}

@InProceedings{abney02,
  author =	 {S. Abney},
  title =	 {Bootstrapping},
  booktitle =	 {Proceedings of ACL-2002},
  year =	 2002
}

@inproceedings{altun03,
  author =	 {Y. Altun, I. Tsochantaridis and T. Hofmann},
  title =	 {Hidden Markov Support Vector Machines},
  booktitle =	 {International Conference on Machine Learning},
  year =	 2003
}

@inproceedings{amb05,
  AUTHOR =	 "Y. Altun and D. Mcallester and M. Belkin",
  TITLE =	 "{Maximum margin semi-supervised learning for
                  structured variables}",
  BOOKTITLE =	 "{Proceedings of Neural Information Proccessing
                  Systems}",
  YEAR =	 2005
}

@TECHREPORT{azh04,
  AUTHOR =	 "R. Ando and T. Zhang",
  TITLE =	 "{A Framework for Learning Predictive Structures from
                  Multiple Tasks and Unlabeled Data}",
  INSTITUTION =	 "IBM T.J. Watson Research Labs",
  YEAR =	 2004
}

@inproceedings{azh05,
  AUTHOR =	 "R. Ando and T. Zhang",
  TITLE =	 "{A High-Performance Semi-Supervised Learning Method
                  for Text Chunking}",
  BOOKTITLE =	 "{Proceedings of the Association for Computational
                  Linguistics}",
  YEAR =	 2005
}

@Article{bacchiani06,
  author =	 {M. Bacchiani and M. Riley and B. Roark and
                  R. Sproat},
  title =	 "{MAP Adaptation of stochastic grammars}",
  journal =	 {Computer Speech and Language},
  year =	 2006,
  volume =	 20,
  number =	 1,
  pages =	 {41--68}
}

@InProceedings{banko01,
  author =	 {M. Banko and E. Brill},
  title =	 "{Scaling to Very Large Corpora for Natural Language
                  Disambiguation}",
  booktitle =	 {Proc. 39th ACL and 10th EACL},
  year =	 2001,
  address =	 {Toulouse, France},
  month =	 {July 9--11}
}

@InProceedings{barzilay01,
  author =	 {R. Barzilay and K. R. McKeown},
  title =	 {Extracting Paraphrases from a Parallel Corpus},
  booktitle =	 {Proc of EACL/ACL-2001},
  year =	 2001
}

@inproceedings{bbl05,
  AUTHOR =	 "M. Balcan and A. Blum",
  TITLE =	 "{A PAC-style Model for Learning from Labeled and
                  Unlabeled Data}",
  BOOKTITLE =	 "{Proceedings of Computational Learning Theory}",
  YEAR =	 2005
}

@inproceedings{bby04,
  author =	 "N. Balcan and A. Blum and K. Yang",
  title =	 "{Co-Training and Expansion: Towards Bridging Theory
                  and Practice}",
  year =	 2004,
  BOOKTITLE =	 "{Proceedings of Neural Information Proccessing
                  Systems}"
}

@inproceedings{bch04,
  AUTHOR =	 "O. Bousquet and O. Chapelle and Matthias Hein",
  TITLE =	 "{Measure based Regularization}",
  BOOKTITLE =	 "{Proceedings of Neural Information Proccessing
                  Systems}",
  YEAR =	 2004
}

@inproceedings{bct04,
  AUTHOR =	 "P. Bartlett and M. Collins and B. Taskar and
                  D. McAllester",
  TITLE =	 "{Exponentiated gradient algorithms for large-margin
                  structured classification}",
  BOOKTITLE =	 "{Proceedings of Neural Information Proccessing
                  Systems}",
  YEAR =	 2004
}

@Article{becker-hinton:92,
  author =	 {S. Becker and G. E. Hinton},
  title =	 {A self-organizing neural network that discovers
                  surfaces in random-dot stereograms},
  journal =	 {Nature},
  year =	 1992,
  volume =	 355,
  pages =	 {161--163}
}

@InProceedings{becker95:_jpmax,
  author =	 {S. Becker},
  title =	 "{JPMAX: Learning to recognize moving objects as a
                  model fitting problem}",
  booktitle =	 {Advances in NIPS 7},
  pages =	 {933--940},
  year =	 1995
}

@InProceedings{bennett02,
  author =	 {K. P. Bennett and A. Demiriz and R. Maclin},
  title =	 "{Exploiting Unlabeled Data in Ensemble Methods}",
  booktitle =	 {Proc. of SIGKDD-2002},
  year =	 2002,
  address =	 {Edmonton, Alberta}
}

@InProceedings{bennett98,
  author =	 {K. P. Bennett and A. Demiriz},
  title =	 "{Semi-Supervised Support Vector Machines}",
  booktitle =	 {NIPS 12},
  pages =	 {368--374},
  year =	 1998
}

@InProceedings{blumchawla:01,
  author =	 {A. Blum and S. Chawla},
  title =	 {Learning from labeled and unlabeled data using graph
                  mincuts},
  booktitle =	 {Proc. 19th International Conference on Machine
                  Learning (ICML-2001)},
  year =	 2001
}

@inproceedings{bmi98,
  AUTHOR =	 "A. Blum and T. Mitchell",
  TITLE =	 "{Combining Labeled and Unlabeled Data with
                  Co-Training}",
  BOOKTITLE =	 "{Proceedings of Computational Learning Theory}",
  YEAR =	 1998
}

@TECHREPORT{bns04,
  AUTHOR =	 " M. Belkin and P. Niyogi and V. Sindhwani",
  TITLE =	 "{Manifold Regularization: a Geometric Framework for
                  Learning from Examples}",
  INSTITUTION =	 "University of Michigan",
  YEAR =	 2004
}

@inproceedings{bns05,
  AUTHOR =	 " M. Belkin and P. Niyogi and V. Sindhwani",
  TITLE =	 "{On Manifold Regularization}",
  BOOKTITLE =	 "{AISTAT}",
  YEAR =	 2005
}

@InProceedings{brefeld04,
  author =	 {U. Brefeld and T. Scheffer},
  title =	 "{Co-EM Support Vector Learning}",
  booktitle =	 {Proc of 21st ICML},
  year =	 2004,
  address =	 {Banff, Canada}
}

@InCollection{brill97,
  author =	 {E. Brill},
  title =	 {Unsupervised Learning of Disambiguation Rules for
                  Part of Speech Tagging},
  booktitle =	 {Natural Language Processing Using Very Large
                  Corpora},
  publisher =	 {Kluwer Academic Press},
  year =	 1997
}

@MastersThesis{callison-burch02,
  author =	 {C. Callison-Burch},
  title =	 {Co-Training for Statistical Machine Translation},
  school =	 {School of Informatics, University of Edinburgh},
  year =	 2002
}

@InProceedings{callison-burch04,
  author =	 {C. Callison-Burch and D. Talbot and M. Osborne},
  title =	 {Statistical machine translation with word- and
                  sentence-aligned parallel corpora},
  booktitle =	 {Proc. ACL 2004},
  year =	 2004
}

@PHDTHESIS{cas94,
  author =	 "V. Castelli",
  title =	 "{The Relative Value of Labelled and unlabelled
                  Samples in Pattern Recognition}",
  school =	 "Stanford University",
  year =	 1994
}

@article{cco95,
  author =	 {V. Castelli and T. M. Cover},
  title =	 {On the exponential value of labeled samples},
  journal =	 {Pattern Recogn. Lett.},
  volume =	 16,
  number =	 1,
  year =	 1995,
  pages =	 {105--111}
}

@article{cco96,
  author =	 "{V. Castelli and T. M. Cover}",
  title =	 "{The relative value of labeled and unlabeled samples
                  in pattern recognition with an unknown mixing
                  parameter}",
  year =	 "{1996}",
  journal =	 "{IEEE Transactions on Information Theory}"
}

@ARTICLE{ccs04,
  AUTHOR =	 "{I. Cohen and F. G. Cozman and N. Sebe and
                  M. C. Cirelo and T. S. Huang}",
  TITLE =	 "{Semi-supervised Learning of Classifiers: Theory,
                  Algorithms for Bayesian Network Classifiers and
                  Application to Human-Computer Interaction}",
  JOURNAL =	 "IEEE Transactions on Pattern Analysis and Machine
                  Intelligence (PAMI)",
  YEAR =	 2004
}

@Unpublished{chappelle:book,
  author =	 {O. Chappelle and B. Sch\"olkopf and A. Zien},
  title =	 {Semi-Supervised Learning},
  note =	 {Unpublished book. MIT Press},
  year =	 {To appear},
  annote =	 {Some sections available online at
                  http://www.kyb.tuebingen.mpg.de/ssl-book/}
}

@InProceedings{charniak97,
  author =	 {E. Charniak},
  title =	 {Statistical parsing with a context-free grammar and
                  word statistics},
  booktitle =	 {Proceedings of the 14th National Conference on
                  Artificial Intelligence},
  year =	 1997,
  address =	 {Menlo Park, CA},
  publisher =	 {AAAI Press/MIT Press}
}

@Article{chawla05,
  author =	 {N. V. Chawla and G. Karakoulas},
  title =	 {Learning from labeled and unlabeled data: An
                  empirical study across techniques and domains},
  journal =	 {Journal of Artificial Intelligence Research},
  year =	 2005,
  volume =	 23,
  pages =	 {331--366}
}

@TECHREPORT{cja01,
  AUTHOR =	 "A. Corduneanu and T. Jaakkola",
  TITLE =	 "{Stable Mixing of Complete and Incomplete
                  Informaation}",
  INSTITUTION =	 "CSAIL, MIT",
  YEAR =	 2001
}

@inproceedings{cja02,
  AUTHOR =	 "A. Corduneanu and T. Jaakkola",
  TITLE =	 "{Continuation Methods for Mixing Hetrogenuous
                  Sources}",
  BOOKTITLE =	 "{Proceedings of Uncertainty in Artificial
                  Intelligence}",
  YEAR =	 2002
}

@inproceedings{cja03,
  AUTHOR =	 "A. Corduneanu and T. Jaakkola",
  TITLE =	 "{On Information Regulrization}",
  BOOKTITLE =	 "{Proceedings of Uncertainty in Artificial
                  Intelligence}",
  YEAR =	 2003
}

@inproceedings{cja04,
  AUTHOR =	 "A. Corduneanu and T. Jaakkola",
  TITLE =	 "{Distributed information regularization on graphs}",
  BOOKTITLE =	 "{Proceedings of Neural Information Proccessing
                  Systems}",
  YEAR =	 2004
}

@inproceedings{collins02,
  author =	 {Michael Collins},
  title =	 {Discriminative Training Methods for Hidden Markov
                  Models: Theory and Experiments with Perceptron
                  Algorithms},
  booktitle =	 {EMNLP},
  year =	 2002
}

@inproceedings{csi99,
  AUTHOR =	 "M. Collins and Y. Singer",
  TITLE =	 "{Unsupervised Models for Named Entity
                  Classification}",
  BOOKTITLE =	 "{Proceedings of EMNLP}",
  YEAR =	 1999
}

@InProceedings{cucerzan:02,
  author =	 {S. Cucerzan and D. Yarowsky},
  title =	 {Bootstrapping a Multilingual Part-of-speech Tagger
                  in One Person-day},
  booktitle =	 {Proc. 6th Conference on Natural Language Learning
                  2002 (CoNLL-2002)},
  year =	 2002
}

@InProceedings{cutting92,
  author =	 {D. Cutting and J. Kupiec and J. Pedersen and
                  P. Sibun},
  title =	 "{A practical part-of-speech tagger}",
  booktitle =	 {Proc. of 3rd ANLP Conf.},
  year =	 1992,
  address =	 {Trento, Italy},
  organization = {ACL}
}

@inproceedings{cws03,
  AUTHOR =	 "O. Chapelle and J. Weston and B. Schoelkopf",
  TITLE =	 "{Cluster kernels for semi-supervised learning}",
  BOOKTITLE =	 "{Proceedings of Neural Information Proccessing
                  Systems}",
  YEAR =	 2003
}

@inproceedings{czi05,
  AUTHOR =	 "O. Chapelle and A. Zien",
  TITLE =	 "{Semi-Supervised Classification by Low Density
                  Separation}",
  BOOKTITLE =	 "{AISTAT}",
  YEAR =	 2005
}

@book{czs06,
  title =	 "{{Semi-Supervised Learning}}",
  editor =	 "O. Chapelle and A. Zien and B. Scholkopf",
  publisher =	 "MIT Press",
  year =	 2006
}

@ARTICLE{dlr:77,
  AUTHOR =	 {A. P. Dempster and N. M. Laird and D.B. Rubin},
  TITLE =	 {Maximum Likelihood from Incomplete Data via the EM
                  Algorithm},
  JOURNAL =	 {Journal of the Royal Statistical Society},
  SERIES =	 {Series B},
  YEAR =	 1977,
  PAGES =	 {1-38},
  VOLUME =	 1,
  NUMBER =	 39
}

@inproceedings{dml01,
  author =	 "S. Dasgupta and D. McAllester and M. Littman",
  title =	 "{PAC Generalization Bounds for Co-Training}",
  year =	 2001,
  BOOKTITLE =	 "{Proceedings of Neural Information Proccessing
                  Systems}"
}

@InProceedings{elworthy94,
  author =	 {David Elworthy},
  title =	 {Does Baum-Welch Re-estimation help taggers?},
  booktitle =	 {Proceedings of 4th ACL Conf on ANLP},
  pages =	 {53--58},
  year =	 1994,
  address =	 {Stuttgart},
  month =	 {October 13-15}
}

@inproceedings{gbe04,
  AUTHOR =	 "Y. Grandvalet and Y. Bengio",
  TITLE =	 "{Semi-supervised Learning by Entropy Minimization}",
  BOOKTITLE =	 "{Proceedings of Neural Information Proccessing
                  Systems}",
  YEAR =	 2004
}

@InProceedings{goldman-zhou:00,
  author =	 {S. Goldman and Y. Zhou},
  title =	 {Enhancing Supervised Learning with Unlabeled Data},
  booktitle =	 {Proceedings of ICML-2000},
  year =	 2000,
  address =	 {Stanford University},
  month =	 {June 29--July 2}
}

@InProceedings{goutte02,
  author =	 {C. Goutte and H. D\'ejean and E. Gaussier and
                  N. Cancedda and J-M. Renders},
  title =	 "{Combining labelled and unlabelled data: a case
                  study on fisher kernels and transductive inference
                  for biological entity recognition}",
  booktitle =	 "{Proc. 6th conference on Natural language learning
                  (CoNLL)}",
  pages =	 {1--7},
  year =	 2002
}

@book{her01,
  author =	 {R. Herbrich},
  title =	 {Learning Kernel Classifiers: Theory and Algorithms},
  year =	 2001,
  publisher =	 {MIT Press},
  address =	 {Cambridge, MA, USA}
}

@Article{hindle-rooth:93,
  author =	 "D. Hindle and M. Rooth",
  title =	 "Structural Ambiguity and Lexical Relations",
  journal =	 "Computational Linguistics",
  year =	 1993,
  volume =	 19,
  number =	 1,
  pages =	 "103--120"
}

@InProceedings{hinton-nair:05,
  author =	 {G. E. Hinton and V. Nair},
  title =	 {Inferring motor programs from images of handwritten
                  digits},
  booktitle =	 {Proc. NIPS-2005},
  year =	 2005
}

@inproceedings{joa99,
  author =	 "{T. Joachims}",
  title =	 "{Transductive Inference for Text Classification
                  using Support Vector Machines}",
  year =	 1999,
  BOOKTITLE =	 "{International Conference on Machine Learning}"
}

@inproceedings{kgs03,
  AUTHOR =	 "C. Kemp and T. Griffiths and S. Stromsten and
                  J. Tenenbaum",
  TITLE =	 "{Semi-supervised learning with trees}",
  BOOKTITLE =	 "{Proceedings of Neural Information Proccessing
                  Systems}",
  YEAR =	 2003
}

@InProceedings{krishnapuram:05,
  author =	 {B. Krishnapuram and D. Williams and Y. Xue and
                  A. Hartemink and L. Carin and M. Figueiredo},
  title =	 {On semi-supervised classification},
  booktitle =	 {Advances in Neural Information Processing Systems
                  17},
  year =	 2005,
  editor =	 {L. K. Saul and Y. Weiss and L. Bottou},
  publisher =	 {MIT Press}
}

@inproceedings{les05,
  AUTHOR =	 "B. Leskes",
  TITLE =	 "{The Value of Agreement: A New Boosting Algorithm}",
  BOOKTITLE =	 "{Proceedings of Computational Learning Theory}",
  YEAR =	 2005
}

@InProceedings{levin03,
  author =	 {A. Levin and P. Viola and Y. Freund},
  title =	 "{{Unsupervised Improvement of Visual Detectors using
                  Co-Training}}",
  booktitle =	 {International Conference on Computer Vision (ICCV},
  year =	 2003,
  address =	 {Nice, France},
  month =	 oct
}

@inproceedings{lzl04,
  AUTHOR =	 "{J. Lafferty and X. Zhu and Y. Liu}",
  TITLE =	 "{Kernel Conditional Random Fields: Representation
                  and Clique Selection}",
  BOOKTITLE =	 "{Proceedings of International Conference on Machine
                  Learning}",
  YEAR =	 2004
}

@InProceedings{maeireizo04,
  author =	 {B. Maeireizo and D. Litman and R. Hwa},
  title =	 {Co-training for Predicting Emotions with Spoken
                  Dialogue Data},
  booktitle =	 {Companion Proceedings of the 42nd Annual Meeting of
                  the Association for Computational Linguistics (ACL)},
  year =	 2004
}

@InProceedings{mcclosky06,
  author =	 {D. McClosky and E. Charniak and M. Johnson},
  title =	 "{Effective Self-Training for Parsing}",
  booktitle =	 {Proc. of HLT-NAACL 2006},
  year =	 2006,
  address =	 {New York, NY},
  month =	 {June 5--7}
}

@Article{merialdo94,
  author =	 {B. Merialdo},
  title =	 {Tagging English text with a probabilistic model},
  journal =	 {Computational Linguistics},
  year =	 1994,
  volume =	 20,
  number =	 2,
  pages =	 {155--172}
}

@InProceedings{miller97,
  author =	 {D. J. Miller and H. S. Uyar},
  title =	 "{A Mixture of Experts Classifier with Learning Based
                  on Both Labelled and Unlabelled Data}",
  booktitle =	 {Proc of NIPS-1997},
  year =	 1997,
  editor =	 {J. D. Cowan and G. Tesuaro and J. Alspector},
  address =	 {San Fransisco, CA},
  publisher =	 {Morgan Kaufmann}
}

@InProceedings{mitchell:99,
  author =	 {T. Mitchell},
  title =	 {The role of unlabeled data in Supervised Learning},
  booktitle =	 {Proc. of 6th International Symposium on Cognitive
                  Science (invited paper)},
  year =	 1999,
  address =	 {San Sebastian, Spain}
}

@InProceedings{mueller02,
  author =	 {C. M\"uller and S. Rapp and M. Strube},
  title =	 "{Applying Co-Training to Reference Resolution}",
  booktitle =	 {Proc. of ACL-2002},
  pages =	 {352--359},
  year =	 2002
}

@Proceedings{mvl05,
  title =	 "{Learning With Multiple Views}",
  year =	 2005,
  booktitle =	 {Workshop at ICML-2005},
  editor =	 "{S. R\"uping and T. Scheffer}"
}

@inproceedings{ngh00,
  AUTHOR =	 "K. Nigam and R. Ghani",
  TITLE =	 "{Analyzing the Effectiveness and Applicability of
                  Co-Training}",
  BOOKTITLE =	 "{CIKM}",
  YEAR =	 2000
}

@InProceedings{niu05,
  author =	 {Z. Niu and D.-H. Ji and C. L. Tan},
  title =	 {A Semi-Supervised Feature Clustering Algorithm with
                  Application to Word Sense Disambiguation},
  booktitle =	 {Proceedings of Human Language Technology Conference
                  and Conference on Empirical Methods in Natural
                  Language Processing (HLT-EMNLP)},
  year =	 2005
}

@article{nmt00,
  author =	 "K. Nigam and A. McCallum and S. Thrun and
                  T. Mitchell",
  title =	 "{Text Classification from Labeled and Unlabeled
                  Documents using EM}",
  year =	 2000,
  journal =	 "Machine Learning",
  volume =	 30,
  number =	 3
}

@InProceedings{okabe:05,
  author =	 {M. Okabe and K. Umemura and S. Yamada},
  title =	 {Query Expansion with the Minimum User Feedback by
                  Transductive Learning},
  booktitle =	 {Proceedings of Human Language Technology Conference
                  and Conference on Empirical Methods in Natural
                  Language Processing (HLT-EMNLP 2005)},
  year =	 2005
}

@InProceedings{pang-lee:04,
  author =	 {B. Pang and L. Lee},
  title =	 {A Sentimental Education: Sentiment Analysis Using
                  Subjectivity Summarization Based on Minimum Cuts},
  booktitle =	 {Proc. of ACL-2004},
  year =	 2004
}

@InProceedings{phillips02,
  author =	 {W. Phillips and E. Riloff},
  title =	 {Exploiting Strong Syntactic Heuristics and
                  Co-Training to Learn Semantic Lexicons},
  booktitle =	 {Proceedings of the 2002 Conference on Empirical
                  Methods in Natural Language Processing (EMNLP 2002)},
  year =	 2002
}

@InProceedings{pierce01,
  author =	 {D. Pierce and C. Cardie},
  title =	 "{Limitations of Co-training for Natural Language
                  Learning from Large Datasets}",
  booktitle =	 {Proc. of the 2001 Conference on Empirical Methods in
                  Natural Language Processing (EMNLP)},
  year =	 2001
}

@InProceedings{ratnaparkhi98,
  author =	 {A. Ratnaparkhi},
  title =	 "{Unsupervised Statistical Models for Prepositional
                  Phrase Attachment}",
  booktitle =	 {Proc. of COLING-ACL '98},
  pages =	 {1079--1085},
  year =	 1998,
  address =	 {Montreal}
}

@InProceedings{riloff03,
  author =	 {E. Riloff and J. Wiebe and T. Wilson},
  title =	 {Learning subjective nouns using extraction pattern
                  bootstrapping},
  booktitle =	 "{Proceedings of the 7th Conference on Natural
                  Language Learning (CoNLL-2003)}",
  year =	 2003
}

@inproceedings{rzz04,
  AUTHOR =	 "S. Rosset and J. Zhu, H. Zou and T. Hastie",
  TITLE =	 "{A Method for Inferring Label Sampling Mechanisms In
                  Semi-Supervised Learning}",
  BOOKTITLE =	 "{Proceedings of Neural Information Proccessing
                  Systems}",
  YEAR =	 2004
}

@InProceedings{sa94,
  author =	 {V. R. de Sa},
  title =	 "{Learning Classification with Unlabeled Data}",
  booktitle =	 {NIPS 8},
  year =	 1994,
  editor =	 {J. D. Cowan and G. Tesuaro and J. Alspector},
  address =	 {San Fransisco, CA},
  publisher =	 {Morgan Kaufmann}
}

@InProceedings{sarkar01:_cotrain,
  author =	 {A. Sarkar},
  title =	 {Applying Co-Training Methods to Statistical Parsing},
  booktitle =	 {Proceedings of the 2nd Meeting of the North American
                  Association for Computational Linguistics: NAACL
                  2001},
  year =	 2001,
  address =	 {Pittsburgh, PA},
  month =	 {June}
}

@TECHREPORT{see00,
  AUTHOR =	 "{M. Seeger}",
  TITLE =	 "{Learning with Labeled and Unlabeled Data}",
  INSTITUTION =	 "{Edinburgh}",
  YEAR =	 "{2000}"
}

@inproceedings{sja02,
  AUTHOR =	 "M. Szummer and T. Jaakkola",
  TITLE =	 "{Information Regularization with Partially Labelled
                  Data}",
  BOOKTITLE =	 "{Proceedings of Neural Information Proccessing
                  Systems}",
  YEAR =	 2002
}

@ARTICLE{sla94,
  AUTHOR =	 "B. Shahshahani and D. Landgrebe",
  TITLE =	 "{The Effect of Unlabeled Samples in Reducing the
                  Small Sample Size Problem and Mitigating the Hughes
                  Phenomenon}",
  JOURNAL =	 "IEEE Transactions on Geoscience and Remote Sensing",
  YEAR =	 1994
}

@inproceedings{snb05,
  AUTHOR =	 "V. Sindhwani and P. Niyogi and M. Belkin",
  TITLE =	 "{A Co-Regularization Approach to Semi-supervised
                  Learning with Multiple Views}",
  BOOKTITLE =	 "{Workshop on Learning with Multiple Views,
                  Proceedings of International Conference on Machine
                  Learning}",
  YEAR =	 2005
}

@InProceedings{steedman03a,
  author =	 { M. Steedman and M. Osborne and A. Sarkar and
                  S. Clark and R. Hwa and J. Hockenmaier and P. Ruhlen
                  and S. Baker and J. Crim},
  title =	 {Bootstrapping statistical parsers from small
                  datasets},
  booktitle =	 {11th Conference of the European Association for
                  Computational Linguistics: EACL 2003},
  year =	 2003,
  address =	 {Budapest, Hungary},
  month =	 {April}
}

@InProceedings{steedman03b,
  author =	 { M. Steedman and R. Hwa and S. Clark and M. Osborne
                  and A. Sarkar and J. Hockenmaier and P. Ruhlen and
                  S. Baker and J. Crim},
  title =	 {Example Selection for Bootstrapping Statistical
                  Parsers},
  booktitle =	 {Human Language Technology Conference and the 4th
                  Meeting of the North American Association for
                  Computational L inguistics: HLT-NAACL 2003},
  year =	 2003,
  address =	 {Edmonton, Canada},
  month =	 {May}
}

@inproceedings{taskar03,
  author =	 {B. Taskar, C. Guestrin and D. Koller},
  title =	 {Max-Margin Markov Networks},
  booktitle =	 {NIPS},
  year =	 2003
}

@inproceedings{tck05,
  AUTHOR =	 "B. Taskar and V. Chatalbashev and D. Koller and
                  C. Guestrin",
  TITLE =	 "{Learning Structured Prediction Models: A Large
                  Margin Approach}",
  BOOKTITLE =	 "{Proceedings of International Conference on Machine
                  Learning}",
  YEAR =	 2005
}

@inproceedings{thj04,
  AUTHOR =	 "{I. Tsochantaridis and T. Hofmann and T. Joachims
                  and Y. Altun}",
  TITLE =	 "{Support Vector Machine Learning for Interdependent
                  and Structured Output Spaces}",
  BOOKTITLE =	 "{Proceedings of International Conference on Machine
                  Learning}",
  YEAR =	 "{2004}"
}

@inproceedings{ulf05,
  author =	 {U. Brefeld and C. B\"uscher and T. Scheffer},
  title =	 {Multi-view discriminative sequential learning},
  booktitle =	 {European Conference on Machine Learning},
  year =	 2005
}

@inproceedings{ulf06,
  author =	 {U. Brefeld and T. Scheffer},
  title =	 {Semi-supervised learning for structured output
                  variables},
  booktitle =	 {International Conference on Machine Learning},
  year =	 2006
}

@book{vap00,
  author =	 "{V. Vapnik}",
  title =	 "{The Nature of Statistical Learning Theory}",
  publisher =	 "{Springer}",
  year =	 2000
}

@Book{vapnik98,
  author =	 {V. Vapnik},
  title =	 {Statistical Learning Theory},
  publisher =	 {Springer},
  year =	 1998
}

@inproceedings{vbe03,
  AUTHOR =	 "P. Vincent and Y. Bengio",
  TITLE =	 "{Density-sensitive metrics and kernels}",
  BOOKTITLE =	 "{Snowbird Learning Workshop}",
  YEAR =	 2003
}

@inproceedings{yar05,
  AUTHOR =	 "D. Yarowsky",
  TITLE =	 "{Unsupervised Word Sense Disambiguation Rivaling
                  Supervised Methods}",
  BOOKTITLE =	 "{Proceedings of Association for Computational
                  Linguistics}",
  YEAR =	 1995
}

@inproceedings{yar95,
  AUTHOR =	 "{D. Yarowsky}",
  TITLE =	 "{Unsupervised Word Sense Disambiguation Rivaling
                  Supervised Methods}",
  BOOKTITLE =	 "{ACL}",
  YEAR =	 1995
}

@inproceedings{zgl03,
  AUTHOR =	 "{X. Zhu and Z. Ghahramani and J. Lafferty}",
  TITLE =	 "{Semi-Supervised Learning Using Gaussian Fields and
                  Harmonic Functions}",
  BOOKTITLE =	 "{Proceedings of International Conference on Machine
                  Learning}",
  YEAR =	 "{2003}"
}

@InProceedings{zhang-oles:00,
  author =	 {T. Zhang and F. J. Oles},
  title =	 {A probability analysis on the value of unlabeled
                  data for classification problems},
  booktitle =	 {Proc. 17th International Conference on Machine
                  Learning (ICML-2000)},
  year =	 2000,
  address =	 {San Franscisco, CA},
  publisher =	 {Morgan Kaufmann}
}

@InProceedings{zhou-goldman:04,
  author =	 {Y. Zhou and S. Goldman},
  title =	 {Democratic Co-Learning},
  booktitle =	 {ICTAI 2004},
  pages =	 {594--602},
  year =	 2004
}

@techreport{zhu05survey,
  author =	 "X. Zhu",
  title =	 "{Semi-Supervised Learning Literature Survey}",
  institution =	 "Computer Sciences, University of Wisconsin-Madison",
  number =	 1530,
  year =	 2005,
  note =
                  "http://www.cs.wisc.edu/$\sim$jerryzhu/pub/ssl\_survey.pdf"
}

@inproceedings{zla05,
  AUTHOR =	 "{X. Zhu and J. Lafferty}",
  TITLE =	 "{Harmonic mixtures: combining mixture models and
                  graph-based methods for inductive and scalable
                  semi-supervised learning}",
  BOOKTITLE =	 "Proc. of ICML-2005",
  YEAR =	 2005
}
